@article{upadhyay_2014,
  title={Analysis of various automated structural computing methods in patient with early traumatic brain injury},
  author={Upadhyay, N. and Munivenkatappa, A. and Devi, B. I. and Subbakrishna, D. K. and Rajeswaran, J.},
  journal={The Open Access Journal of Science and Technology},
  year={2014},
  volume={2},
  doi={10.11131/2014/101069},
  language={english},
  hyphenation={english}
}

@article{friston_2004,
  title={Generative and recognition models for neuroanatomy},
  author={K.J. Friston, J. Ashburner},
  journal={NeuroImage, Volume 23, Issue 1, 2004, Pages 21-24, ISSN 1053-8119},
  year={2004},
  volume={23},
  number={1},
  pages={21-24},
  doi={10.1016/j.neuroimage.2004.04.021},
  language={english},
  hyphenation={english}
}

@article{cao_2023,
  title={Mode-based morphometry: A multiscale approach to mapping human neuroanatomy},
  author={Cao, T. and Pang, J. C. and Segal, A. and Chen, Y. C. and Aquino, K. M. and Breakspear, M. and Fornito, A.},
  journal={bioRxiv},
  year={2023},
  doi={10.1101/2023.02.26.529328},
  language={english},
  hyphenation={english}
}

@incollection{evans_2015,
  title={Cortical Surface Morphometry},
  author={Evans, A. C.},
  booktitle={Brain Mapping},
  publisher={Academic Press},
  year={2015},
  pages={157-166},
  doi={10.1016/B978-0-12-397025-1.00210-4},
  language={english},
  hyphenation={english}
}

@article{goto_2022,
  title={Advantages of Using Both Voxel- and Surface-based Morphometry in Cortical Morphology Analysis: A Review of Various Applications},
  author={Goto, Masami and Abe, Osamu and Hagiwara, Akifumi and Fujita, Shohei and Kamagata, Koji and Hori, Masaaki and Aoki, Shigeki and Osada, Takahiro and Konishi, Seiki and Masutani, Yoshitaka and Sakamoto, Hajime and Sakano, Yasuaki and Kyogoku, Shinsuke and Daida, Hiroyuki},
  journal={Magnetic Resonance in Medical Sciences},
  volume={21},
  number={1},
  pages={41-57},
  year={2022},
  doi={10.2463/mrms.rev.2021-0096},
  language={english},
  hyphenation={english}
}

@article{shaw_2006,
  title={Intellectual ability and cortical development in children and adolescents},
  author={Shaw, P. and Greenstein, D. and Lerch, J. and others},
  journal={Nature},
  volume={440},
  pages={676-679},
  year={2006},
  doi={10.1038/nature04513},
  language={english},
  hyphenation={english}
}

@article{jagger_2018,
  title={Global gray matter morphometry differences between children with reading disability, ADHD, and comorbid reading disability/ADHD},
  author={Jagger-Rickels, A. C. and Kibby, M. Y. and Constance, J. M.},
  journal={Brain Lang.},
  volume={185},
  pages={54-66},
  year={2018},
  doi={10.1016/j.bandl.2018.08.004},
  language={english},
  hyphenation={english}
}

@article{desikan_2006,
  title={An automated labeling system for subdividing the human cerebral cortex on MRI scans into gyral based regions of interest},
  author={Desikan, R. S. and SÃ©gonne, F. and Fischl, B. and others},
  journal={NeuroImage},
  volume={31},
  number={3},
  pages={968-980},
  year={2006},
  doi={10.1016/j.neuroimage.2006.01.021},
  language={english},
  hyphenation={english}
}

@article{fischl_2012,
  title={FreeSurfer},
  author={Fischl, B.},
  journal={NeuroImage},
  volume={62},
  number={2},
  pages={774-781},
  year={2012},
  doi={10.1016/j.neuroimage.2012.01.021},
  language={english},
  hyphenation={english}
}

@article{greve_2013,
  title={A surface-based analysis of language lateralization and cortical asymmetry},
  author={Greve, D. N. and Van der Haegen, L. and Cai, Q. and others},
  journal={Journal of Cognitive Neuroscience},
  volume={25},
  number={9},
  pages={1477-1492},
  year={2013},
  doi={10.1162/jocn\_a\_00400},
  language={english},
  hyphenation={english}
}

@article{fischl_2000,
  title={Measuring the thickness of the human cerebral cortex from magnetic resonance images},
  author={Fischl, B. and Dale, A. M.},
  journal={Proceedings of the National Academy of Sciences},
  volume={97},
  number={20},
  pages={11050-11055},
  year={2000},
  doi={10.1073/pnas.200033797},
  language={english},
  hyphenation={english}
}

@article{fischl_2008,
  title={Cortical folding patterns and predicting cytoarchitecture},
  author={Fischl, B. and Rajendran, N. and Busa, E. and others},
  journal={Cerebral Cortex},
  volume={18},
  number={8},
  pages={1973-1980},
  year={2008},
  doi={10.1093/cercor/bhm225},
  language={english},
  hyphenation={english}
}

@article{fischl_1999,
  title={Cortical surface-based analysis II: Inflation, flattening, and a surface-based coordinate system},
  author={Fischl, B. and Sereno, M. I. and Dale, A. M.},
  journal={NeuroImage},
  volume={9},
  number={2},
  pages={195-207},
  year={1999},
  doi={10.1006/nimg.1998.0396},
  language={english},
  hyphenation={english}
}

@article{fischl_2004,
  title={Automatically parcellating the human cerebral cortex},
  author={Fischl, B. and Destrieux, C. and Halgren, E. and others},
  journal={Cerebral Cortex},
  volume={14},
  number={1},
  pages={11-22},
  year={2004},
  doi={10.1093/cercor/bhg087},
  language={english},
  hyphenation={english}
}

@article{hellard_2014,
  title={The ENIGMA Consortium: large-scale collaborative analyses of neuroimaging and genetic data},
  author={Hellard, S. and others},
  journal={Brain Imaging and Behavior},
  volume={8},
  pages={153-182},
  year={2014},
  language={english},
  hyphenation={english}
}

@article{daoudi_2024,
  title={Enhancing brain segmentation in MRI through integration of hidden Markov random field model and whale optimization algorithm},
  author={Daoudi, A. and Mahmoudi, S.},
  journal={Computers},
  volume={13},
  number={5},
  pages={124},
  year={2024},
  doi={10.3390/computers13050124},
  language={english},
  hyphenation={english}
}

@article{kurella_2023,
  title={Convolutional neural networks grid search optimizer based brain tumor detection},
  author={Kurella, P.},
  journal={International Transactions on Electrical Engineering and Computer Science},
  year={2023},
  doi={10.62760/iteecs.2.4.2023.68},
  language={english},
  hyphenation={english}
}

@inproceedings{pantazis_2004,
  title={Statistical surface-based morphometry using a nonparametric approach},
  author={Pantazis, D. and Leahy, R. M. and Nichols, T. E. and Styner, M.},
  booktitle={2004 2nd IEEE International Symposium on Biomedical Imaging: Nano to Macro},
  volume={2},
  pages={1283-1286},
  year={2004},
  doi={10.1109/ISBI.2004.1398780},
  language={english},
  hyphenation={english}
}

@article{devanand_2012,
  title={MRI hippocampal and entorhinal cortex mapping in predicting conversion to Alzheimer's disease},
  author={Devanand, D. P. and Bansal, R. and Liu, J. and others},
  journal={NeuroImage},
  volume={60},
  number={3},
  pages={1622-1629},
  year={2012},
  doi={10.1016/j.neuroimage.2012.01.075},
  language={english},
  hyphenation={english}
}

@article{zilles_1988,
  title={The human pattern of gyrification in the cerebral cortex},
  author={Zilles, K. and Armstrong, E. and Schleicher, A. and Kretschmann, H. J.},
  journal={Anatomy and Embryology},
  volume={179},
  number={2},
  pages={173-179},
  year={1988},
  doi={10.1007/BF00304699},
  language={english},
  hyphenation={english}
}

@incollection{meyer_2003,
  title={Discrete Differential-Geometry Operators for Triangulated 2-Manifolds},
  author={Meyer, M. and Desbrun, M. and Schroder, P. and Barr, A. H.},
  booktitle={Visualization and Mathematics III},
  pages={35-57},
  publisher={Springer},
  year={2003},
  doi={10.1007/978-3-662-05105-4\_2},
  language={english},
  hyphenation={english}
}

@article{van_2013,
  title={The WU-Minn Human Connectome Project: An overview},
  author={Van Essen, D. C. and Smith, S. M. and Barch, D. M. and Behrens, T. E. J. and Yacoub, E. and Ugurbil, K.},
  journal={NeuroImage},
  volume={80},
  pages={62-79},
  year={2013},
  doi={10.1016/j.neuroimage.2013.05.041},
  language={english},
  hyphenation={english}
}

@article{jiang_2013,
  title={Brainnetome: A new -ome to understand the brain and its disorders},
  author={Jiang, T.},
  journal={NeuroImage},
  volume={80},
  pages={263-272},
  year={2013},
  doi={10.1016/j.neuroimage.2013.04.002},
  language={english},
  hyphenation={english}
}

@article{hohnson_2016,
  title={MIMIC-III, a freely accessible critical care database},
  author={Johnson, A. and Pollard, T. and Shen, L. and others},
  journal={Scientific Data},
  volume={3},
  pages={160035},
  year={2016},
  doi={10.1038/sdata.2016.35},
  language={english},
  hyphenation={english}
}

@article{xu_2020,
  title={CHIMGEN: a Chinese imaging genetics cohort to enhance cross-ethnic and cross-geographic brain research},
  author={Xu, Q. and Guo, L. and Cheng, J. and others},
  journal={Molecular Psychiatry},
  volume={25},
  number={3},
  pages={517-529},
  year={2020},
  doi={10.1038/s41380-019-0627-6},
  language={english},
  hyphenation={english}
}

@article{koshiyama_2022,
  title={Neuroimaging studies within Cognitive Genetics Collaborative Research Organization aiming to replicate and extend works of ENIGMA},
  author={Koshiyama, D. and Miura, K. and Nemoto, K. and others},
  journal={Human Brain Mapping},
  volume={43},
  number={1},
  pages={182-193},
  year={2022},
  doi={10.1002/hbm.25040},
  language={english},
  hyphenation={english}
}

@article{wang_2019,
  title = {Entorhinal cortex volume, thickness, surface area and curvature trajectories over the adult lifespan},
  journal = {Psychiatry Research: Neuroimaging},
  volume = {292},
  pages = {47-53},
  year = {2019},
  issn = {0925-4927},
  doi = {https://doi.org/10.1016/j.pscychresns.2019.09.002},
  url = {https://www.sciencedirect.com/science/article/pii/S0925492719301453},
  author = {Yanpei Wang and Lei Hao and Yuning Zhang and Chenyi Zuo and Daoyang Wang},
  keywords = {Entorhinal cortex, Volume, Thickness, Surface, Curvature, Aging},
  abstract = {The entorhinal cortex (ERC) acts as a connection between the hippocampus and temporal cortex and plays a key role in memory retrieval and navigation. The morphology of this brain region changes with age. However, there are few quantitative magnetic resonance imaging studies of ERC morphology across the healthy adult lifespan. In this study, we quantified ERC volume, thickness, surface area, and curvature in a large number of subjects spanning seven decades of life. Using structural MRI data from 563 healthy subjects ranging from 19 to 86 years of age, we explored the adult lifespan trajectory of ERC volume, thickness, surface and curvature. ERC volume, thickness, and surface area initially increased with age, reaching a peak at about 32 years, 40 years, and 50 years of age, respectively, after which they decreased with age. ERC volume and surface area were hemispherically leftward asymmetric, whereas ERC thickness was hemispherically rightward asymmetric, with no gender differences. The direction of asymmetry differed across the measures. This informs previous inconsistencies in reports of ERC asymmetry. ERC aging began in mid-adulthood. At this stage of life, it may be important to adopt some strategies to reduce the effects of aging on cognition.}
}

@article{makris_2006,
  title = {Human cerebral cortex: A system for the integration of volume- and surface-based representations},
  journal = {NeuroImage},
  volume = {33},
  number = {1},
  pages = {139-153},
  year = {2006},
  issn = {1053-8119},
  doi = {https://doi.org/10.1016/j.neuroimage.2006.04.220},
  url = {https://www.sciencedirect.com/science/article/pii/S1053811906004812},
  author = {Nikos Makris and Jonathan Kaiser and Christian Haselgrove and Larry J. Seidman and Joseph Biederman and Denise Boriel and Eve M. Valera and George M. Papadimitriou and Bruce Fischl and Verne S. Caviness and David N. Kennedy},
  keywords = {Human cerebral cortex, Cortical thickness, Cortical surface area, MRI, Morphometry},
  abstract = {We describe an MRI-based system for topological analysis followed by measurements of topographic features for the human cerebral cortex that takes as its starting point volumetric segmentation data. This permits interoperation between volume-based and surface-based topographic analysis and extends the functionality of many existing segmentation schemes. We demonstrate the utility of these operations in individual as well as to group analysis. The methodology integrates analyses of cortical segmentation data generated by manual and semi-automated volumetric morphometry routines (such as the program cardviews) with the procedures of the FreeSurfer program to generate a cortical ribbon of the cerebrum and perform cortical topographic measurements (including thickness, surface area and curvature) in individual subjects as well as in subject populations. This system allows the computation of topographical cortical measurements for segmentation data generated from manual and semi-automated volumetric sources other than FreeSurfer. These measurements can be regionally specific and integrated with systems of cortical parcellation that subdivides the neocortex into gyral-based parcellation units (PUs). This system of topographical analysis of the cerebral cortex is consistent with current views of cortical development and neural systems organization of the human and non-human primate brain.}
}

@article{klein_2017,
  doi = {10.1371/journal.pcbi.1005350},
  author = {Klein, Arno AND Ghosh, Satrajit S. AND Bao, Forrest S. AND Giard, Joachim AND HÃ¤me, YrjÃ¶ AND Stavsky, Eliezer AND Lee, Noah AND Rossa, Brian AND Reuter, Martin AND Chaibub Neto, Elias AND Keshavan, Anisha},
  journal = {PLOS Computational Biology},
  publisher = {Public Library of Science},
  title = {Mindboggling morphometry of human brains},
  year = {2017},
  month = {02},
  volume = {13},
  url = {https://doi.org/10.1371/journal.pcbi.1005350},
  pages = {1-40},
  abstract = {Mindboggle (http://mindboggle.info) is an open source brain morphometry platform that takes in preprocessed T1-weighted MRI data and outputs volume, surface, and tabular data containing label, feature, and shape information for further analysis. In this article, we document the software and demonstrate its use in studies of shape variation in healthy and diseased humans. The number of different shape measures and the size of the populations make this the largest and most detailed shape analysis of human brains ever conducted. Brain image morphometry shows great potential for providing much-needed biological markers for diagnosing, tracking, and predicting progression of mental health disorders. Very few software algorithms provide more than measures of volume and cortical thickness, while more subtle shape measures may provide more sensitive and specific biomarkers. Mindboggle computes a variety of (primarily surface-based) shapes: area, volume, thickness, curvature, depth, Laplace-Beltrami spectra, Zernike moments, etc. We evaluate Mindboggleâs algorithms using the largest set of manually labeled, publicly available brain images in the world and compare them against state-of-the-art algorithms where they exist. All data, code, and results of these evaluations are publicly available.},
  number = {2},
}

@article{he_2024,
  title={MRI-Negative Temporal Lobe Epilepsy: A Study of Brain Structure in Adults Using Surface-Based Morphological Features},
  author={He, Yongjie and Huang, Ying and Guo, Zhe and Zhu, Haitao and Zhang, Da and Xue, Chen and Hu, Xiao and Xiao, Chaoyong and Chai, Xue},
  journal={Journal of Integrative Neuroscience},
  volume={23},
  number={11},
  pages={206},
  year={2024},
  doi={10.31083/j.jin2311206},
  language={english},
  hyphenation={english}
}

@article{cruz_2021,
  author={Cruz, Rodrigo Santa and Lebrat, LÃ©o and Bourgeat, Pierrick and DorÃ©, Vincent and Dowling, Jason and Fripp, Jurgen and Fookes, Clinton and Salvado, Olivier},
  booktitle={2021 IEEE 18th International Symposium on Biomedical Imaging (ISBI)}, 
  title={Going Deeper With Brain Morphometry Using Neural Networks}, 
  year={2021},
  volume={},
  number={},
  pages={711-715},
  keywords={Solid modeling;Three-dimensional displays;Magnetic resonance imaging;Measurement uncertainty;Optimization methods;Biomarkers;Predictive models;Deep Learning;Brain Morphometry;Cortical Thickness Estimation;Mean Curvature Estimation},
  doi={10.1109/ISBI48211.2021.9434039}
}

@article{mosch_2023,
title={Brain morphometric changes in fibromyalgia and the impact of psychometric and clinical factors: a volumetric and diffusion-tensor imaging study},
author={Benjamin Mosch and Verena Hagena and S. Herpertz and M. Diers},
journal={Arthritis Research and Therapy},
year={2023},
volume={25},
doi={10.1186/s13075-023-03064-0}
}
